@inproceedings{ROFES,
   author = {Lankes, S. and Pfeiffer, M. and Bemmerl, T.},
   title = "Design and {I}mplementation of a {SCI}-based {R}eal-{T}ime {CORBA}",
   booktitle = "4th IEEE International Symposium on Object-Oriented Real-Time Distributed Computing (ISORC 2001)",
   address = "Magdeburg, Germany",
   year = 2001
}